@article{whitaker1986flow,
  title={Flow in porous media I: A theoretical derivation of Darcy's law},
  author={Whitaker, Stephen},
  journal={Transport in porous media},
  volume={1},
  number={1},
  pages={3--25},
  year={1986},
  publisher={Springer}
}

@article{bloschl1995scale,
  title={Scale issues in hydrological modelling: a review},
  author={Bl{\"o}schl, G{\"u}nter and Sivapalan, Murugesu},
  journal={Hydrological processes},
  volume={9},
  number={3-4},
  pages={251--290},
  year={1995},
  publisher={Wiley Online Library}
}

@article{de2005dealing,
  title={Dealing with spatial heterogeneity},
  author={De Marsily, Gh and Delay, Fr{\'e}d{\'e}ric and Gon{\c{c}}alv{\`e}s, Julio and Renard, Ph and Teles, Vanessa and Violette, Sophie},
  journal={Hydrogeology Journal},
  volume={13},
  number={1},
  pages={161--183},
  year={2005},
  publisher={Springer}
}

@article{delhomme1979spatial,
  title={Spatial variability and uncertainty in groundwater flow parameters: a geostatistical approach},
  author={Delhomme, JP},
  journal={Water Resources Research},
  volume={15},
  number={2},
  pages={269--280},
  year={1979},
  publisher={Wiley Online Library}
}

@book{le2010spectral,
  title={Spectral methods for uncertainty quantification: with applications to computational fluid dynamics},
  author={Le Ma{\^\i}tre, Olivier and Knio, Omar M},
  year={2010},
  publisher={Springer Science \& Business Media}
}

@article{schwab2006karhunen,
  title={Karhunen--Lo{\`e}ve approximation of random fields by generalized fast multipole methods},
  author={Schwab, Christoph and Todor, Radu Alexandru},
  journal={Journal of Computational Physics},
  volume={217},
  number={1},
  pages={100--122},
  year={2006},
  publisher={Elsevier}
}

@incollection{giles2008improved,
  title={Improved multilevel Monte Carlo convergence using the Milstein scheme},
  author={Giles, Mike},
  booktitle={Monte Carlo and quasi-Monte Carlo methods 2006},
  pages={343--358},
  year={2008},
  publisher={Springer}
}

@article{giles2008multilevel,
  title={Multilevel monte carlo path simulation},
  author={Giles, Michael B},
  journal={Operations Research},
  volume={56},
  number={3},
  pages={607--617},
  year={2008},
  publisher={INFORMS}
}

@article{cliffe2011multilevel,
  title={Multilevel Monte Carlo methods and applications to elliptic PDEs with random coefficients},
  author={Cliffe, K Andrew and Giles, Mike B and Scheichl, Robert and Teckentrup, Aretha L},
  journal={Computing and Visualization in Science},
  volume={14},
  number={1},
  pages={3},
  year={2011},
  publisher={Springer}
}

@article{brandt1994optimal,
  title={Optimal multigrid algorithms for calculating thermodynamic limits},
  author={Brandt, A and Galun, M and Ron, D},
  journal={Journal of Statistical Physics},
  volume={74},
  number={1-2},
  pages={313--348},
  year={1994},
  publisher={Springer}
}

@article{barth2011multi,
  title={Multi-level Monte Carlo finite element method for elliptic PDEs with stochastic coefficients},
  author={Barth, Andrea and Schwab, Christoph and Zollinger, Nathaniel},
  journal={Numerische Mathematik},
  volume={119},
  number={1},
  pages={123--161},
  year={2011},
  publisher={Springer}
}

@article{charrier2013finite,
  title={Finite element error analysis of elliptic PDEs with random coefficients and its application to multilevel Monte Carlo methods},
  author={Charrier, Julia and Scheichl, Robert and Teckentrup, Aretha L},
  journal={SIAM Journal on Numerical Analysis},
  volume={51},
  number={1},
  pages={322--352},
  year={2013},
  publisher={SIAM}
}

@article{cliffe2000parallel,
  title={Parallel computation of flow in heterogeneous media modelled by mixed finite elements},
  author={Cliffe, KA and Graham, Ivan G and Scheichl, Robert and Stals, Linda},
  journal={Journal of Computational Physics},
  volume={164},
  number={2},
  pages={258--282},
  year={2000},
  publisher={Elsevier}
}

@article{hoeksema1985analysis,
  title={Analysis of the spatial structure of properties of selected aquifers},
  author={Hoeksema, Robert J and Kitanidis, Peter K},
  journal={Water Resources Research},
  volume={21},
  number={4},
  pages={563--572},
  year={1985},
  publisher={Wiley Online Library}
}

@article{graham2011quasi,
  title={Quasi-Monte Carlo methods for elliptic PDEs with random coefficients and applications},
  author={Graham, Ivan G and Kuo, Frances Y and Nuyens, Dirk and Scheichl, Robert and Sloan, Ian H},
  journal={Journal of Computational Physics},
  volume={230},
  number={10},
  pages={3668--3694},
  year={2011},
  publisher={Elsevier}
}

@article{dietrich1997fast,
  title={Fast and exact simulation of stationary Gaussian processes through circulant embedding of the covariance matrix},
  author={Dietrich, Claude R and Newsam, Garry N},
  journal={SIAM Journal on Scientific Computing},
  volume={18},
  number={4},
  pages={1088--1107},
  year={1997},
  publisher={SIAM}
}

@article{graham2018analysis,
  title={Analysis of circulant embedding methods for sampling stationary random fields},
  author={Graham, Ivan G and Kuo, Frances Y and Nuyens, Dirk and Scheichl, Rob and Sloan, Ian H},
  journal={SIAM Journal on Numerical Analysis},
  volume={56},
  number={3},
  pages={1871--1895},
  year={2018},
  publisher={SIAM}
}

@incollection{ghanem1991stochastic,
  title={Stochastic Finite Element Method: Response Statistics},
  author={Ghanem, Roger G and Spanos, Pol D},
  booktitle={Stochastic Finite Elements: A Spectral Approach},
  pages={101--119},
  year={1991},
  publisher={Springer}
}

@article{frigo2005design,
  title={The design and implementation of FFTW3},
  author={Frigo, Matteo and Johnson, Steven G},
  journal={Proceedings of the IEEE},
  volume={93},
  number={2},
  pages={216--231},
  year={2005},
  publisher={IEEE}
}

@book{vassilevski2008multilevel,
  title={Multilevel block factorization preconditioners: Matrix-based analysis and algorithms for solving finite element equations},
  author={Vassilevski, Panayot S},
  year={2008},
  publisher={Springer Science \& Business Media}
}

@article{renard1997calculating,
  title={Calculating equivalent permeability: a review},
  author={Renard, Ph and De Marsily, G},
  journal={Advances in water resources},
  volume={20},
  number={5-6},
  pages={253--278},
  year={1997},
  publisher={Elsevier}
}

@article{wen1996upscaling,
  title={Upscaling hydraulic conductivities in heterogeneous media: An overview},
  author={Wen, Xian-Huan and G{\'o}mez-Hern{\'a}ndez, J Jaime},
  journal={Journal of Hydrology},
  volume={183},
  number={1-2},
  pages={ix--xxxii},
  year={1996},
  publisher={Elsevier}
}

@article{lunati2001numerical,
  title={A numerical comparison between two upscaling techniques: non-local inverse based scaling and simplified renormalization},
  author={Lunati, Ivan and Bernard, Dominique and Giudici, Mauro and Parravicini, Guido and Ponzini, Giansilvio},
  journal={Advances in water resources},
  volume={24},
  number={8},
  pages={913--929},
  year={2001},
  publisher={Elsevier}
}

@article{hou1997multiscale,
  title={A multiscale finite element method for elliptic problems in composite materials and porous media},
  author={Hou, Thomas Y and Wu, Xiao-Hui},
  journal={Journal of computational physics},
  volume={134},
  number={1},
  pages={169--189},
  year={1997},
  publisher={Citeseer}
}

@book{efendiev2009multiscale,
  title={Multiscale finite element methods: theory and applications},
  author={Efendiev, Yalchin and Hou, Thomas Y},
  volume={4},
  year={2009},
  publisher={Springer Science \& Business Media}
}

@inproceedings{mohring2015uncertainty,
  title={Uncertainty quantification for porous media flow using multilevel Monte Carlo},
  author={Mohring, Jan and Milk, Ren{\'e} and Ngo, Adrian and Klein, Ole and Iliev, Oleg and Ohlberger, Mario and Bastian, Peter},
  booktitle={International Conference on Large-Scale Scientific Computing},
  pages={145--152},
  year={2015},
  organization={Springer}
}

@article{gloria2008analytical,
  title={An analytical framework for numerical homogenization. Part II: Windowing and oversampling},
  author={Gloria, Antoine},
  journal={Multiscale Modeling \& Simulation},
  volume={7},
  number={1},
  pages={274--293},
  year={2008},
  publisher={SIAM}
}

@article{hou2004removing,
  title={Removing the cell resonance error in the multiscale finite element method via a Petrov-Galerkin formulation},
  author={Hou, Thomas Y and Wu, Xiao-Hui and Zhang, Yu and others},
  journal={Communications in Mathematical Sciences},
  volume={2},
  number={2},
  pages={185--205},
  year={2004},
  publisher={International Press of Boston}
}

@article{bastian2008generic,
  title={A generic grid interface for parallel and adaptive scientific computing. Part I: abstract framework},
  author={Bastian, Peter and Blatt, Markus and Dedner, Andreas and Engwer, Christian and Kl{\"o}fkorn, Robert and Ohlberger, Mario and Sander, Oliver},
  journal={Computing},
  volume={82},
  number={2-3},
  pages={103--119},
  year={2008},
  publisher={Springer}
}

@inproceedings{bastian2014exa,
  title={EXA-DUNE: flexible PDE solvers, numerical methods and applications},
  author={Bastian, Peter and Engwer, Christian and G{\"o}ddeke, Dominik and Iliev, Oleg and Ippisch, Olaf and Ohlberger, Mario and Turek, Stefan and Fahlke, Jorrit and Kaulmann, Sven and M{\"u}thing, Steffen and others},
  booktitle={European Conference on Parallel Processing},
  pages={530--541},
  year={2014},
  organization={Springer}
}

@inproceedings{iliev2017renormalization,
  title={Renormalization Based MLMC Method for Scalar Elliptic SPDE},
  author={Iliev, Oleg and Mohring, Jan and Shegunov, Nikolay},
  booktitle={International Conference on Large-Scale Scientific Computing},
  pages={295--303},
  year={2017},
  organization={Springer}
}

@article{teckentrup2013further,
  title={Further analysis of multilevel Monte Carlo methods for elliptic PDEs with random coefficients},
  author={Teckentrup, Aretha L and Scheichl, Robert and Giles, Michael B and Ullmann, Elisabeth},
  journal={Numerische Mathematik},
  volume={125},
  number={3},
  pages={569--600},
  year={2013},
  publisher={Springer}
}

@inproceedings{vsukys2011static,
  title={Static load balancing for multi-level Monte Carlo finite volume solvers},
  author={{\v{S}}ukys, Jonas and Mishra, Siddhartha and Schwab, Christoph},
  booktitle={International Conference on Parallel Processing and Applied Mathematics},
  pages={245--254},
  year={2011},
  organization={Springer}
}

@article{drzisga2017scheduling,
  title={Scheduling massively parallel multigrid for multilevel Monte Carlo methods},
  author={Drzisga, Daniel and Gmeiner, Bj{\"o}rn and R{\"u}de, U and Scheichl, Robert and Wohlmuth, B},
  journal={SIAM Journal on Scientific Computing},
  volume={39},
  number={5},
  pages={S873--S897},
  year={2017},
  publisher={SIAM}
}
